<record><leader>00000cas a22000007a 4500</leader><controlfield tag="001">14701769</controlfield><controlfield tag="008">861112d18781878pauwr ne      0    0eng d</controlfield><datafield ind1=" " ind2=" " tag="010"><subfield code="a">sn 86081953 </subfield></datafield><datafield ind1=" " ind2=" " tag="040"><subfield code="a">NPH</subfield><subfield code="b">eng</subfield><subfield code="c">NPH</subfield><subfield code="d">OCLCQ</subfield></datafield><datafield ind1=" " ind2=" " tag="042"><subfield code="a">msc</subfield></datafield><datafield ind1="0" ind2="0" tag="245"><subfield code="a">Dushore review.</subfield></datafield><datafield ind1=" " ind2=" " tag="260"><subfield code="a">Dushore, Pa. :</subfield><subfield code="b">A.B. Bowman,</subfield><subfield code="c">1878.</subfield></datafield><datafield ind1=" " ind2=" " tag="300"><subfield code="a">1 v. ;</subfield><subfield code="c">38 cm.</subfield></datafield><datafield ind1=" " ind2=" " tag="310"><subfield code="a">Weekly</subfield></datafield><datafield ind1="0" ind2=" " tag="362"><subfield code="a">Vol. 1, no. 4 (Mar. 21, 1878)-v. 1, no. 27 (Aug. 29, 1878).</subfield></datafield><datafield ind1=" " ind2=" " tag="500"><subfield code="a">Published every Thursday evening.</subfield></datafield><datafield ind1=" " ind2=" " tag="530"><subfield code="a">Also issued in microform.</subfield></datafield><datafield ind1=" " ind2=" " tag="752"><subfield code="a">United States</subfield><subfield code="b">Pennsylvania</subfield><subfield code="c">Sullivan</subfield><subfield code="d">Dushore.</subfield></datafield><datafield ind1="0" ind2="0" tag="780"><subfield code="t">Dushore weekly review</subfield><subfield code="w">(DLC)sn 86081843</subfield></datafield><datafield ind1="0" ind2="0" tag="785"><subfield code="t">Sullivan review (Dushore, Pa. : 1878)</subfield><subfield code="w">(DLC)sn 86081951</subfield></datafield></record>